<?xml version="1.0" encoding="utf-8"?>
<record xmlns="http://www.loc.gov/MARC21/slim" xmlns:xsi="http://www.w3.org/2001/XMLSchema-instance" xsi:schemaLocation="http://www.loc.gov/MARC21/slim http://www.loc.gov/standards/marcxml/schema/MARC21slim.xsd">
	<leader>     nam a22        4500</leader>
	<controlfield tag="001">b12308092</controlfield>
	<controlfield tag="003">LeBAU</controlfield>
	<controlfield tag="006">m        d        </controlfield>
	<controlfield tag="007">cr cn |||m|||a</controlfield>
	<controlfield tag="008">170131s1947    le      o     ||0 0 ara d</controlfield>
	<datafield ind1=" " ind2=" " tag="040">
		<subfield code="a">NNU</subfield>
		<subfield code="b">ara</subfield>
		<subfield code="e">rda</subfield>
		<subfield code="c">NNU</subfield>
	</datafield>
	<datafield ind1="0" ind2=" " tag="041">
		<subfield code="a">ara</subfield>
		<subfield code="a">fre</subfield>
	</datafield>
	<datafield ind1="0" ind2="4" tag="082">
		<subfield code="a">016.8927</subfield>
		<subfield code="2">20</subfield>
	</datafield>
	<datafield ind1="1" ind2=" " tag="100">
		<subfield code="6">880-01</subfield>
		<subfield code="a">Sauvaget, Jean,</subfield>
		<subfield code="d">1901-1950,</subfield>
		<subfield code="e">author.</subfield>
	</datafield>
	<datafield ind1="1" ind2="0" tag="245">
		<subfield code="6">880-02</subfield>
		<subfield code="a">Rāʼid al-turāth al-ʻArabī :</subfield>
		<subfield code="b">wa-huwa masrad naqdī jāmiʻ li-kull mā allafahu ʻulamāʼ al-mashriqīyāt ʻan al-turāth al-ʻArabī fī mukhtalif al-ʻuṣūr wa-al-mawḍūʻāt /</subfield>
		<subfield code="c">waḍa‘ahu Jān Sūfājīh ra’īs dā’irat tārīkh al-sharq al-Islāmī fī Madrasat al-Dirāsāt al-‘Ulyā bī-Bārīs ; iqtabasahu Ṣalāḥ al-Dīn al-Munajjid ra’īs Dīwān Mudīrīyat al-Āthār al-‘Āmmah fī al-Jumhūrīyah al-Sūrīyah.</subfield>
	</datafield>
	<datafield ind1=" " ind2="1" tag="264">
		<subfield code="6">880-03</subfield>
		<subfield code="a">[Dimashq] :</subfield>
		<subfield code="b">Dār al-ʻIlm lil-Malāyīn,</subfield>
		<subfield code="c">1947.</subfield>
	</datafield>
	<datafield ind1=" " ind2=" " tag="300">
		<subfield code="6">880-04</subfield>
		<subfield code="a">online resource (183 pages)</subfield>
	</datafield>
	<datafield ind1=" " ind2=" " tag="336">
		<subfield code="a">text</subfield>
		<subfield code="2">rdacontent</subfield>
	</datafield>
	<datafield ind1=" " ind2=" " tag="337">
		<subfield code="a">computer</subfield>
		<subfield code="2">rdamedia</subfield>
	</datafield>
	<datafield ind1=" " ind2=" " tag="338">
		<subfield code="a">online resource</subfield>
		<subfield code="2">rdacarrier</subfield>
	</datafield>
	<datafield ind1=" " ind2=" " tag="500">
		<subfield code="a">Part of the Arabic Collections Online (ACO) project, contributed by American University of Beirut's Jafet Memorial Library.</subfield>
	</datafield>
	<datafield ind1=" " ind2=" " tag="533">
		<subfield code="a">Electronic reproduction.</subfield>
		<subfield code="b">New York, N.Y. :</subfield>
		<subfield code="c">New York University,</subfield>
		<subfield code="d">2017.</subfield>
		<subfield code="5">NNU</subfield>
	</datafield>
	<datafield ind1=" " ind2="4" tag="650">
		<subfield code="a">الادب العربي</subfield>
		<subfield code="v">ببليوغرافيا.</subfield>
	</datafield>
	<datafield ind1=" " ind2="4" tag="650">
		<subfield code="a">الاسلام</subfield>
		<subfield code="v">ببليوغرافيا.</subfield>
	</datafield>
	<datafield ind1=" " ind2="0" tag="650">
		<subfield code="a">Arabic literature</subfield>
		<subfield code="v">Bibliography.</subfield>
	</datafield>
	<datafield ind1=" " ind2="0" tag="650">
		<subfield code="a">Islam</subfield>
		<subfield code="v">Bibliography.</subfield>
	</datafield>
	<datafield ind1="1" ind2=" " tag="700">
		<subfield code="6">880-05</subfield>
		<subfield code="a">Munajjid, Ṣalāḥ al-Dīn,</subfield>
		<subfield code="e">adapter.</subfield>
	</datafield>
	<datafield ind1="2" ind2=" " tag="710">
		<subfield code="a">Jafet Memorial Library.</subfield>
	</datafield>
	<datafield ind1="0" ind2=" " tag="730">
		<subfield code="a">Arabic Collections Online.</subfield>
	</datafield>
	<datafield ind1="0" ind2="8" tag="776">
		<subfield code="i">Print version:</subfield>
		<subfield code="a">Sauvaget, Jean, 1901-1950, author.</subfield>
		<subfield code="t">Rāʼid al-turāth al-ʻArabī</subfield>
		<subfield code="w">(LeBAU)b12308092</subfield>
	</datafield>
	<datafield ind1="0" ind2=" " tag="787">
		<subfield code="6">880-06</subfield>
		<subfield code="i">adaptation of:</subfield>
		<subfield code="a">Introduction à L'histoire de L'Orient Musulman</subfield>
		<subfield code="d">Paris : Adrien Maisonneuve, 1961</subfield>
		<subfield code="w">b11989191</subfield>
		<subfield code="w">b11989191</subfield>
	</datafield>
	<datafield ind1="4" ind2="0" tag="856">
		<subfield code="u">http://hdl.handle.net/2333.1/pvmcvk62</subfield>
	</datafield>
	<datafield ind1="1" ind2=" " tag="880">
		<subfield code="6">100-01/(3/r</subfield>
		<subfield code="a">سوفاجيه، جان،</subfield>
		<subfield code="d">1901-1950،</subfield>
		<subfield code="e">مؤلف. </subfield>
		<subfield code="4">aut.</subfield>
	</datafield>
	<datafield ind1="1" ind2="0" tag="880">
		<subfield code="6">245-02/(3/r</subfield>
		<subfield code="a">رائد التراث العربي :</subfield>
		<subfield code="b">وهو مسرد نقدي جامع لكل ما ألفه علماء المشرقيات عن التراث العربي في مختلف العصور و الموضوعات /</subfield>
		<subfield code="c">وضعه جان سوفاجيه رئيس دائرة تاريخ الشرق الإسلامي في مدرسة الدراسات العليا بباريس ؛ اقتبسه صلاح الدين المنجد رئيس ديوان مديرية الآثار العامة في الجمهورية السورية. </subfield>
	</datafield>
	<datafield ind1=" " ind2="1" tag="880">
		<subfield code="6">264-03/(3/r</subfield>
		<subfield code="a">[دمشق] :</subfield>
		<subfield code="b">دار العلم للملايين،</subfield>
		<subfield code="c">1947.</subfield>
	</datafield>
	<datafield ind1=" " ind2=" " tag="880">
		<subfield code="6">300-04/(3/r</subfield>
		<subfield code="a">183 صفحة ؛</subfield>
		<subfield code="c">19 سم</subfield>
	</datafield>
	<datafield ind1="1" ind2=" " tag="880">
		<subfield code="6">700-05/(3/r</subfield>
		<subfield code="a">المنجد، صلاح الدين،</subfield>
		<subfield code="e">مقتبس. </subfield>
		<subfield code="4">adp.</subfield>
	</datafield>
	<datafield ind1="0" ind2=" " tag="880">
		<subfield code="6">787-06/(3/r</subfield>
		<subfield code="i">مقتبس عن:</subfield>
		<subfield code="a">Introduction à L'histoire de Lorient Musulman</subfield>
		<subfield code="d">Paris : Adrien Maisonneuve, 1961</subfield>
		<subfield code="w">(OCoLC)00751831</subfield>
		<subfield code="w">b11989191</subfield>
	</datafield>
	<datafield ind1=" " ind2=" " tag="959">
		<subfield code="a">NNU</subfield>
		<subfield code="b">WEB</subfield>
		<subfield code="c">GENI</subfield>
		<subfield code="t">0</subfield>
		<subfield code="m">Electronic access</subfield>
		<subfield code="s">01</subfield>
	</datafield>
	<datafield ind1=" " ind2=" " tag="999">
		<subfield code="i">LeBAU_b12308092</subfield>
		<subfield code="s">aub_aco000435</subfield>
		<subfield code="e">(ERROR-MISC)</subfield>
	</datafield>
</record>
